<record><leader>00000cas a22000007a 4500</leader><controlfield tag="001">21427876</controlfield><controlfield tag="008">900425d18991904moudn ne      0    0eng d</controlfield><datafield ind1=" " ind2=" " tag="010"><subfield code="a">sn 90061581 </subfield></datafield><datafield ind1=" " ind2=" " tag="040"><subfield code="a">MQN</subfield><subfield code="b">eng</subfield><subfield code="c">MQN</subfield><subfield code="d">OCLCQ</subfield></datafield><datafield ind1=" " ind2=" " tag="042"><subfield code="a">msc</subfield></datafield><datafield ind1="0" ind2=" " tag="130"><subfield code="a">State tribune (Jefferson City, Mo.)</subfield></datafield><datafield ind1="1" ind2="0" tag="245"><subfield code="a">State tribune.</subfield></datafield><datafield ind1="3" ind2="0" tag="246"><subfield code="a">Missouri state tribune</subfield></datafield><datafield ind1=" " ind2=" " tag="260"><subfield code="a">Jefferson City, Mo. :</subfield><subfield code="b">Tribune Print. Co.,</subfield><subfield code="c">1899-1904.</subfield></datafield><datafield ind1=" " ind2=" " tag="300"><subfield code="a">v.</subfield></datafield><datafield ind1=" " ind2=" " tag="310"><subfield code="a">Daily (except Mon.)</subfield></datafield><datafield ind1="0" ind2=" " tag="362"><subfield code="a">Vol. 23, no. 2 (Jan. 3, 1899)-v. 28, no. 308 (Dec. 31, 1904).</subfield></datafield><datafield ind1=" " ind2=" " tag="500"><subfield code="a">The state seal of Missouri appears in middle of masthead.</subfield></datafield><datafield ind1=" " ind2=" " tag="752"><subfield code="a">United States</subfield><subfield code="b">Missouri</subfield><subfield code="c">Cole</subfield><subfield code="d">Jefferson City.</subfield></datafield><datafield ind1="0" ind2=" " tag="775"><subfield code="t">Jefferson City tribune (Jefferson City, Mo. : 1884)</subfield><subfield code="w">(DLC)sn 90061587</subfield></datafield><datafield ind1="0" ind2="0" tag="780"><subfield code="t">Daily tribune (Jefferson City, Mo.)</subfield><subfield code="w">(DLC)sn 90061580</subfield></datafield><datafield ind1="0" ind2="0" tag="785"><subfield code="t">Jefferson City tribune (Jefferson City, Mo. : 1905)</subfield><subfield code="w">(DLC)sn 90061582</subfield></datafield></record>